@article{beaz2017reactionnetworks},
author = {Baez, John C. and Pollard, Blake S.},
title = {A compositional framework for reaction networks},
journal = {Reviews in Mathematical Physics},
volume = {29},
number = {09},
pages = {1750028},
year = {2017},
doi = {10.1142/S0129055X17500283},

URL = {https://www.worldscientific.com/doi/abs/10.1142/S0129055X17500283},
eprint = {https://www.worldscientific.com/doi/pdf/10.1142/S0129055X17500283}
}


